@INPROCEEDINGS{Bertin-Mahieux2011,
  author = {Thierry Bertin-Mahieux and Daniel P.W. Ellis and Brian Whitman and Paul Lamere},
  title = {The Million Song Dataset},
  booktitle = {{Proceedings of the 12th International Conference on Music Information
	Retrieval ({ISMIR} 2011)}},
  year = {2011},
  owner = {thierry},
  timestamp = {2010.03.07}
}

@article{pols1966spectral,
  title={Spectral analysis and identification of Dutch vowels in monosyllabic words [dissertation]},
  author={Pols, LCW},
  journal={Free University, Amsterdam, The Netherlands},
  year={1966}
}

@article{davis1980comparison,
  title={Comparison of parametric representations for monosyllabic word recognition in continuously spoken sentences},
  author={Davis, Steven and Mermelstein, Paul},
  journal={Acoustics, Speech and Signal Processing, IEEE Transactions on},
  volume={28},
  number={4},
  pages={357--366},
  year={1980},
  publisher={IEEE}
}

@article{zheng2001comparison,
  title={Comparison of different implementations of MFCC},
  author={Zheng, Fang and Zhang, Guoliang and Song, Zhanjiang},
  journal={Journal of Computer Science and Technology},
  volume={16},
  number={6},
  pages={582--589},
  year={2001},
  publisher={Springer}
}

@inproceedings{magno2008comparison,
  title={A Comparison of Signal Based Music Recommendation to Genre Labels, Collaborative Filtering, Musicological Analysis, Human Recommendation and Random Baseline.},
  author={Magno, Terence and Sable, Carl},
  booktitle={ISMIR},
  pages={161--166},
  year={2008}
}

@article{wagner1974string,
  title={The string-to-string correction problem},
  author={Wagner, Robert A and Fischer, Michael J},
  journal={Journal of the ACM (JACM)},
  volume={21},
  number={1},
  pages={168--173},
  year={1974},
  publisher={ACM}
}

@article{kuhn1955hungarian,
  title={The Hungarian method for the assignment problem},
  author={Kuhn, Harold W},
  journal={Naval research logistics quarterly},
  volume={2},
  number={1-2},
  pages={83--97},
  year={1955},
  publisher={Wiley Online Library}
}

@article{castelluccio2006music,
  title={The music genome project},
  author={Castelluccio, Michael},
  journal={Strategic Finance},
  volume={88},
  number={6},
  pages={57--58},
  year={2006}
}

@article{john2006pandora,
  title={Pandora and the music genome project},
  author={John, Joyce},
  journal={Scientific Computing},
  volume={23},
  number={10},
  pages={40--41},
  year={2006}
}

@inproceedings{germann2009tightly,
  title={Tightly packed tries: How to fit large models into memory, and make them load fast, too},
  author={Germann, Ulrich and Joanis, Eric and Larkin, Samuel},
  booktitle={Proceedings of the Workshop on Software Engineering, Testing, and Quality Assurance for Natural Language Processing},
  pages={31--39},
  year={2009},
  organization={Association for Computational Linguistics}
}

@article{singhal2001modern,
  title={Modern information retrieval: A brief overview},
  author={Singhal, Amit},
  journal={IEEE Data Eng. Bull.},
  volume={24},
  number={4},
  pages={35--43},
  year={2001}
}

@inproceedings{aizenberg2012build,
  title={Build your own music recommender by modeling internet radio streams},
  author={Aizenberg, Natalie and Koren, Yehuda and Somekh, Oren},
  booktitle={Proceedings of the 21st international conference on World Wide Web},
  pages={1--10},
  year={2012},
  organization={ACM}
}

@inproceedings{sarwar2000analysis,
  title={Analysis of recommendation algorithms for e-commerce},
  author={Sarwar, Badrul and Karypis, George and Konstan, Joseph and Riedl, John},
  booktitle={Proceedings of the 2nd ACM conference on Electronic commerce},
  pages={158--167},
  year={2000},
  organization={ACM}
}

@inproceedings{levenshtein1966binary,
  title={Binary codes capable of correcting deletions, insertions and reversals},
  author={Levenshtein, Vladimir I},
  booktitle={Soviet physics doklady},
  volume={10},
  pages={707},
  year={1966}
}

@article{munkres1957algorithms,
  title={Algorithms for the assignment and transportation problems},
  author={Munkres, James},
  journal={Journal of the Society for Industrial \& Applied Mathematics},
  volume={5},
  number={1},
  pages={32--38},
  year={1957},
  publisher={SIAM}
}